101 464446928          1506251302A094101Beratbadba             Bquambmiberatbvelbaba  Bdiambut
5200Barcubmibababatb                              BarBurnabetba150625150625   1Bnuncbeu0000001
622545433843184663256        0246191193839915993      Bantebidbabestbleobaba  1545433843400002
705B'quis' b'in'.                                                                  00015454338
622582538443207209773        0752893981216861650      Bodiobinbababa          1582538443300003
705B'odio' b'et' b'a' b'dolor' b'amet' b'eros' b'a' b'a' b'a' b'cras' b'a'.        00015825384
622706144211139580878        0821176563387886265      Berosbmibidbnon         1706144211500004
705B'ante' b'ut'.                                                                  00017061442
622272127862672363840        0932036557653464603      Bduisbeubabsitbabenibl  1272127862300005
705B'nunc' b'ut'.                                                                  00012721278
622217063964252092121        0711920668645464026      Bduisbeubababegetbabju  1217063964600006
705B'nibh' b'et' b'odio' b'ut' b'a' b'a'.                                          00012170639
622538596785401854404        0215101232943977433      Bcrasbet                1538596785500007
705B'ante' b'ac' b'in' b'a' b'a' b'ut' b'mus' b'a' b'neque' b'a' b'dui' b'a'.      00015385967
622529560184532959399        0544994455575593769      Bdiambacbin             1529560184600008
705B'orci' b'eu' b'a'.                                                             00015295601
622372911562543714423        0531970069303024052      Bduisbadba              1372911562800009
705B'urna' b'at' b'a' b'a' b'aenean' b'non' b'proin' b'velit' b'a' b'at'.          00013729115
622930606322112817563        0944953827539056838      Berosbinbabenibabinteg  1930606322500010
705B'nunc' b'eu' b'a' b'a' b'a' b'ad' b'odio' b'a' b'vel' b'non' b'tempor' b'nulla'00019306063
622598772675696979027        0221138643571796678      Bodiobeubetbababmorbib  1598772675500011
705B'arcu' b'mi' b'a' b'id' b'quam' b'pede' b'a' b'per' b'mus' b'at' b'a' b'mattis'00015987726
82000000200529375582000000000000005922377188                                   Bnuncbeu0000001
9000001000003000000200529375582000000000000005922377188                                       
9999999999999999999999999999999999999999999999999999999999999999999999999999999999999999999999
9999999999999999999999999999999999999999999999999999999999999999999999999999999999999999999999
9999999999999999999999999999999999999999999999999999999999999999999999999999999999999999999999
9999999999999999999999999999999999999999999999999999999999999999999999999999999999999999999999
9999999999999999999999999999999999999999999999999999999999999999999999999999999999999999999999
9999999999999999999999999999999999999999999999999999999999999999999999999999999999999999999999