101 12345678912327894561605171108A094101TheIronBankOfBraavos   AryaStark              ETOOREAL
5200TESTBATCH       Valar Morghulis     1232789456PPDTestPay   160517160621   1192837460000001
622123456789918273645        0000142389675849302123   jaqenhghar              1192837460000001
705test                                                                            00010000001
627123456789918273645        0000142389675849302123   jaqenhghar              0192837460000002
622123456789918273645        0003231401675849302123   jaqenhghar              1192837460000003
705test                                                                            00010000003
627123456789918273645        0003231401675849302123   jaqenhghar              0192837460000004
622123456789918273645        0000902309675849302123   jaqenhghar              1192837460000005
705test                                                                            00010000005
627123456789918273645        0000902309675849302123   jaqenhghar              0192837460000006
622123456789918273645        0000044403675849302123   jaqenhghar              1192837460000007
705test                                                                            00010000007
627123456789918273645        0000044403675849302123   jaqenhghar              0192837460000008
622123456789918273645        0095172901675849302123   jaqenhghar              1192837460000009
705test                                                                            00010000009
627123456789918273645        0095172901675849302123   jaqenhghar              0192837460000010
820000001501234567800000994934030000994934031232789456                         192837460000001
9000001000002000000150123456780000099493403000099493403                                       
9999999999999999999999999999999999999999999999999999999999999999999999999999999999999999999999