101 450455052          1508251204A094101BorcibatbeuismodbabnetuBquambveberatbababduibaBametbet
5200Bametbeubvebsagi                              BquBquambatba150825150826   1Bdiambin0000001
622929266284387797755        0123143415253049832      B'eget' b'id'.          1Bdiambin1      
705B'quis' b've' b'mi' b'dis' b'ad' b'a' b'a' b'a' b'curae' b'amet' b'a'.          00010000001
622221469956273343796        0498667983910424795      B'orci' b've'.          1Bdiambin2      
705B'cras' b'ac' b'a'.                                                             00010000002
622983701728444659291        0875299871307754475      B'nisl' b'ut' b'a' b'a  1Bdiambin3      
705B'arcu' b'ut' b'a' b'at' b'a' b'at' b'a'.                                       00010000003
622186400826725068455        0348862844825580762      B'erat' b'ut' b'a' b'a  1Bdiambin4      
705B'arcu' b'at' b'mi'.                                                            00010000004
622222137553845702024        0484163021809446263      B'ante' b've' b'a' b'c  1Bdiambin5      
705B'nisi' b've' b'ante' b'non'.                                                   00010000005
622373193481667313543        0311847738541055839      B'urna' b'in' b'a' b'm  1Bdiambin6      
705B'eros' b'mi'.                                                                  00010000006
622210036395526250742        0863420990794623036      B'eros' b'eu' b'at' b'  1Bdiambin7      
705B'ante' b'ut' b'ac' b'cras' b'a' b'hac' b'a'.                                   00010000007
622468372391779751801        0949180679858254133      B'diam' b'at' b'a' b'a  1Bdiambin8      
705B'eget' b'ad' b'a' b'a' b'ad' b'taciti' b'at' b'a' b'a'.                        00010000008
622889347942649826872        0741414651166490513      B'enim' b'ut' b'a' b'a  1Bdiambin9      
705B'duis' b'ad' b'a' b'montes' b'a' b'a' b'aenean' b'et' b'a' b'sed'.             00010000009
622234551148928140130        0213064638383828434      B'amet' b'ut' b'enim'   1Bdiambin10     
705B'nisl' b'ad' b'a' b'fames' b'nisl' b'cras' b'a' b'donec'.                      00010000010
82000000200471847766000000000000005409065830                                   Bdiambin0000001
9000001000003000000200471847766000000000000005409065830                                       
9999999999999999999999999999999999999999999999999999999999999999999999999999999999999999999999
9999999999999999999999999999999999999999999999999999999999999999999999999999999999999999999999
9999999999999999999999999999999999999999999999999999999999999999999999999999999999999999999999
9999999999999999999999999999999999999999999999999999999999999999999999999999999999999999999999
9999999999999999999999999999999999999999999999999999999999999999999999999999999999999999999999
9999999999999999999999999999999999999999999999999999999999999999999999999999999999999999999999